@article{vomBrocke.2004,
    author = {{vom Brocke}, Jan and Buddendick, Christian},
    year = {2004},
    title = {{Organisationsformen in der Referenzmodellierung --- Forschungsbedarf und Gestaltungsempfehlungen auf Basis der Transaktionskostentheorie}},
    pages = {341--352},
    pagination = {page},
    volume = {46},
    journaltitle = {{Wirtschaftsinformatik}},
    shortjournal = {Wirtschaftsinf},
    number = {5}
}

